Month,Cost Center,Company,Depreciations Amortizations,Taxes,Operating Costs / COGS,Operating Expenses,Sales,Current Assets,Current Liabilities,Assets,Liabilities
07-01-2017 00:00,705-Global Prod & Inventory Mgt / Guarantees,Everest Group,1122,0,7.4,0,0,12,54,72,54
7/31/2017 12:00:00 AM,101-General Services,Everest Group,8602.71,0,0,-751.095,0,12,54,72,54
7/31/2017 12:00:00 AM,211-Supply,Everest Group,52.41,0,-30910.68,7558.695,0,12,54,72,54
7/31/2017 12:00:00 AM,503-Marketing,Everest Group,2681.39,0,0,1754.854,0,12,54,72,54
7/31/2017 12:00:00 AM,580-Research and Development,Everest Group,3754.66,0,0,8452.513,0,12,54,72,54
7/31/2017 12:00:00 AM,600-National Sales and Services,Everest Group,4220.4,0,-80922.42,12704.686,13263.73,12,54,72,54
7/31/2017 12:00:00 AM,702-Consumer Service,Everest Group,1314.91,0,112771.57,15727.374,42184.55,12,54,72,54
7/31/2017 12:00:00 AM,703-Customer Services,Everest Group,339.28,0,26748.38,78.033,0,12,54,72,54
7/31/2017 12:00:00 AM,705-Global Prod & Inventory Mgt / Guarantees,Everest Group,12994.17,0,-335401.38,1037.506,0,12,54,72,54
7/31/2017 12:00:00 AM,901-Board,Everest Group,40.62,0,0,8199.888,0,12,54,72,54
7/31/2017 12:00:00 AM,903-IT,Everest Group,15465.61,0,0,4577.925,0,12,54,72,54
08-01-2017 00:00,580-Research and Development,Everest Group,40.42,0,0,410.474,0,12,54,72,54
08-01-2017 00:00,903-IT,Everest Group,731.25,0,0,2615.203,0,12,54,72,54
8/28/2017 12:00:00 AM,101-General Services,Everest Group,8605.85,0,0,4567.18,0,12,54,72,54
8/28/2017 12:00:00 AM,211-Supply,Everest Group,52.41,0,67091.81,6391.885,0,12,54,72,54
8/28/2017 12:00:00 AM,503-Marketing,Everest Group,10847.39,0,0,12296.759,0,12,54,72,54
8/28/2017 12:00:00 AM,580-Research and Development,Everest Group,2472.87,0,0,19877.31,0,12,54,72,54
8/28/2017 12:00:00 AM,600-National Sales and Services,Everest Group,9789.4,0,440413.07,41293.934,275777.19,12,54,72,54
8/28/2017 12:00:00 AM,702-Consumer Service,Everest Group,1314.91,0,90945.25,19387.06,10085.75,12,54,72,54
8/28/2017 12:00:00 AM,703-Customer Services,Everest Group,339.28,0,46363.27,4933.889,0,12,54,72,54
8/28/2017 12:00:00 AM,705-Global Prod & Inventory Mgt / Guarantees,Everest Group,12994.17,0,201191.96,5684.541,0,12,54,72,54
8/28/2017 12:00:00 AM,901-Board,Everest Group,40.62,0,0,17066.264,0,12,54,72,54
8/28/2017 12:00:00 AM,903-IT,Everest Group,15498.25,0,0,12726.525,0,12,54,72,54
9/28/2017 12:00:00 AM,101-General Services,Everest Group,8625.16,0,0,-2614.35,0,12,54,72,54
9/28/2017 12:00:00 AM,211-Supply,Everest Group,52.41,0,8853.28,4152.471,0,12,54,72,54
9/28/2017 12:00:00 AM,503-Marketing,Everest Group,1515.39,0,0,10577.292,0,12,54,72,54
9/28/2017 12:00:00 AM,580-Research and Development,Everest Group,2469.2,0,0,16014.043,0,12,54,72,54
9/28/2017 12:00:00 AM,600-National Sales and Services,Everest Group,6651.4,0,831342.62,19396.511,97306.25,12,54,72,54
9/28/2017 12:00:00 AM,702-Consumer Service,Everest Group,1314.91,0,102652.03,18597.426,28491.5,12,54,72,54
9/28/2017 12:00:00 AM,703-Customer Services,Everest Group,339.28,0,17901.05,-1080.605,0,12,54,72,54
9/28/2017 12:00:00 AM,705-Global Prod & Inventory Mgt / Guarantees,Everest Group,12994.17,0,115390.15,1443.565,0,12,54,72,54
9/28/2017 12:00:00 AM,901-Board,Everest Group,40.62,0,0,1271.232,0,12,54,72,54
9/28/2017 12:00:00 AM,903-IT,Everest Group,11680.45,0,0,1038.785,0,12,54,72,54
9/29/2017 12:00:00 AM,903-IT,Everest Group,1711.8,0,0,1798.062,0,12,54,72,54
10/28/2017 12:00:00 AM,101-General Services,Everest Group,8617.72,0,0,137.602,0,12,54,72,54
10/28/2017 12:00:00 AM,211-Supply,Everest Group,52.41,0,17509.2,4843.85,0,12,54,72,54
10/28/2017 12:00:00 AM,503-Marketing,Everest Group,5597.39,0,0,29909.2545,0,12,54,72,54
10/28/2017 12:00:00 AM,580-Research and Development,Everest Group,2469.2,0,0,11338.573,0,12,54,72,54
10/28/2017 12:00:00 AM,600-National Sales and Services,Everest Group,6220.4,0,627390.09,27685.362,144996.7,12,54,72,54
10/28/2017 12:00:00 AM,702-Consumer Service,Everest Group,1314.91,0,89563.89,16877.015,30960.33,12,54,72,54
10/28/2017 12:00:00 AM,703-Customer Services,Everest Group,339.28,0,20286.31,2905.4,0,12,54,72,54
10/28/2017 12:00:00 AM,705-Global Prod & Inventory Mgt / Guarantees,Everest Group,12994.17,0,95971.41,2349.611,0,12,54,72,54
10/28/2017 12:00:00 AM,901-Board,Everest Group,40.62,0,0,8246.445,0,12,54,72,54
10/28/2017 12:00:00 AM,903-IT,Everest Group,14574.24,0,0,9821.81,0,12,54,72,54
11/24/2017 12:00:00 AM,503-Marketing,Everest Group,-9916,0,0,-37428.972,0,12,54,72,54
11/24/2017 12:00:00 AM,600-National Sales and Services,Everest Group,-10000,0,-171942.48,-17691.388,13285.61,12,54,72,54
11/28/2017 12:00:00 AM,101-General Services,Everest Group,8552.4,0,0,2272.6,0,12,54,72,54
11/28/2017 12:00:00 AM,211-Supply,Everest Group,52.43,0,65615.33,6304.9,0,12,54,72,54
11/28/2017 12:00:00 AM,503-Marketing,Everest Group,10625.83,0,0,33263.247,0,12,54,72,54
11/28/2017 12:00:00 AM,580-Research and Development,Everest Group,6469.2,0,0,34022.878,0,12,54,72,54
11/28/2017 12:00:00 AM,600-National Sales and Services,Everest Group,14220.4,0,591546,55204.303,-52161.61,12,54,72,54
11/28/2017 12:00:00 AM,702-Consumer Service,Everest Group,1314.91,0,125002.2,24875.596,52161.61,12,54,72,54
11/28/2017 12:00:00 AM,703-Customer Services,Everest Group,339.28,0,53882.15,5431.303,0,12,54,72,54
11/28/2017 12:00:00 AM,705-Global Prod & Inventory Mgt / Guarantees,Everest Group,12994.17,0,208733.75,9808.394,0,12,54,72,54
11/28/2017 12:00:00 AM,901-Board,Everest Group,40.66,0,0,9949.445,0,12,54,72,54
11/28/2017 12:00:00 AM,903-IT,Everest Group,15748.66,0,0,16805.204,0,12,54,72,54
11/29/2017 12:00:00 AM,600-National Sales and Services,Everest Group,81.72,0,9055.2,5059.796,979,12,54,72,54
12/23/2017 12:00:00 AM,503-Marketing,Everest Group,-7500,0,0,-29004.3,0,12,54,72,54
12/23/2017 12:00:00 AM,580-Research and Development,Everest Group,-4000,0,0,-24272.348,0,12,54,72,54
12/23/2017 12:00:00 AM,600-National Sales and Services,Everest Group,-10000,0,-197686.4,-27041,25773.71,12,54,72,54
12/28/2017 12:00:00 AM,101-General Services,Everest Group,8511.13,0,0,2485.37,0,12,54,72,54
12/28/2017 12:00:00 AM,503-Marketing,Everest Group,10625.83,0,0,33754.069,0,12,54,72,54
12/28/2017 12:00:00 AM,580-Research and Development,Everest Group,7469.2,0,0,40167.34,0,12,54,72,54
12/28/2017 12:00:00 AM,600-National Sales and Services,Everest Group,15636.12,0,807987.1,53886.354,82497.06,12,54,72,54
12/28/2017 12:00:00 AM,702-Consumer Service,Everest Group,1314.91,0,93858.37,25171.355,41994.58,12,54,72,54
12/28/2017 12:00:00 AM,703-Customer Services,Everest Group,339.28,0,50498.33,8809.41,0,12,54,72,54
12/28/2017 12:00:00 AM,705-Global Prod & Inventory Mgt / Guarantees,Everest Group,12994.17,0,632020.35,10302.77,0,12,54,72,54
12/28/2017 12:00:00 AM,901-Board,Everest Group,36.15,0,0,16416.545,0,12,54,72,54
12/28/2017 12:00:00 AM,903-IT,Everest Group,14818.56,0,0,17527.23,0,12,54,72,54
12/29/2017 12:00:00 AM,600-National Sales and Services,Everest Group,342.57,0,16901.85,-12.677,-63631.82,12,54,72,54
1/19/2018 12:00:00 AM,503-Marketing,Everest Group,-5722.22,0,0,-30124.3,0,12,54,72,54
1/19/2018 12:00:00 AM,580-Research and Development,Everest Group,-5000,0,0,-31890.405,0,12,54,72,54
1/19/2018 12:00:00 AM,600-National Sales and Services,Everest Group,-11334,0,-259038.47,-32019.539,20327.38,12,54,72,54
1/28/2018 12:00:00 AM,101-General Services,Everest Group,8511.13,0,0,766.4,0,12,54,72,54
1/28/2018 12:00:00 AM,503-Marketing,Everest Group,15264.72,0,0,42128.139,0,12,54,72,54
1/28/2018 12:00:00 AM,580-Research and Development,Everest Group,8160.31,0,0,46622.366,0,12,54,72,54
1/28/2018 12:00:00 AM,600-National Sales and Services,Everest Group,19416.31,0,627168.38,53573.167,302751.76,12,54,72,54
1/28/2018 12:00:00 AM,702-Consumer Service,Everest Group,1314.91,0,134321.29,26022.873,-55991.29,12,54,72,54
1/28/2018 12:00:00 AM,703-Customer Services,Everest Group,339.28,0,57554.32,10393.54,0,12,54,72,54
1/28/2018 12:00:00 AM,705-Global Prod & Inventory Mgt / Guarantees,Everest Group,35194.17,0,314821.35,12772.017,0,12,54,72,54
1/28/2018 12:00:00 AM,901-Board,Everest Group,36.15,0,0,18308.881,0,12,54,72,54
1/28/2018 12:00:00 AM,903-IT,Everest Group,14576,0,0,16583.5,0,12,54,72,54
1/29/2018 12:00:00 AM,600-National Sales and Services,Everest Group,1870.96,0,-3689.61,2110.391,0,12,54,72,54
1/29/2018 12:00:00 AM,705-Global Prod & Inventory Mgt / Guarantees,Everest Group,23433.31,0,-11321.25,0,0,12,54,72,54
2/23/2018 12:00:00 AM,503-Marketing,Everest Group,-11250,0,0,-38063.3,0,12,54,72,54
2/23/2018 12:00:00 AM,580-Research and Development,Everest Group,-5000,0,0,-38302.315,0,12,54,72,54
2/23/2018 12:00:00 AM,600-National Sales and Services,Everest Group,-15000,0,-235597.32,-32629.8,7494.39,12,54,72,54
2/23/2018 12:00:00 AM,705-Global Prod & Inventory Mgt / Guarantees,Everest Group,-22200,0,-528149.32,-11127.2,0,12,54,72,54
2/28/2018 12:00:00 AM,101-General Services,Everest Group,8511.04,0,0,2535,0,12,54,72,54
2/28/2018 12:00:00 AM,503-Marketing,Everest Group,19014.72,0,0,37009.76,0,12,54,72,54
2/28/2018 12:00:00 AM,580-Research and Development,Everest Group,8160.31,0,0,46464.535,0,12,54,72,54
2/28/2018 12:00:00 AM,600-National Sales and Services,Everest Group,6674.59,0,531268.29,45607.396,0,12,54,72,54
2/28/2018 12:00:00 AM,702-Consumer Service,Everest Group,1314.91,0,88805.59,23504.82,0,12,54,72,54
2/28/2018 12:00:00 AM,703-Customer Services,Everest Group,339.28,0,64709.85,9017.9,0,12,54,72,54
2/28/2018 12:00:00 AM,705-Global Prod & Inventory Mgt / Guarantees,Everest Group,14227.5,0,563209.73,12536.229,0,12,54,72,54
2/28/2018 12:00:00 AM,901-Board,Everest Group,36.15,0,0,22415.745,0,12,54,72,54
2/28/2018 12:00:00 AM,903-IT,Everest Group,14077.67,0,0,13198.13,0,12,54,72,54
03-01-2018 00:00,503-Marketing,Everest Group,25468.68,0,0,2167.888,0,12,54,72,54
03-01-2018 00:00,903-IT,Everest Group,5219.85,0,0,6002.896,0,12,54,72,54
3/24/2018 12:00:00 AM,503-Marketing,Everest Group,-15000,0,0,-34111,0,12,54,72,54
3/24/2018 12:00:00 AM,580-Research and Development,Everest Group,-5000,0,0,-36838.43,0,12,54,72,54
3/30/2018 12:00:00 AM,101-General Services,Everest Group,8485.9,0,0,2003.922,0,12,54,72,54
3/30/2018 12:00:00 AM,503-Marketing,Everest Group,10381.89,0,0,45422.7,0,12,54,72,54
3/30/2018 12:00:00 AM,580-Research and Development,Everest Group,8160.23,0,0,50852.38,0,12,54,72,54
3/30/2018 12:00:00 AM,600-National Sales and Services,Everest Group,7057.75,0,906778.56,52186.78425,562923.82,12,54,72,54
3/30/2018 12:00:00 AM,702-Consumer Service,Everest Group,1314.91,0,118804.98,19990.887,18042.76,12,54,72,54
3/30/2018 12:00:00 AM,703-Customer Services,Everest Group,339.28,0,62931.7,9288.8,0,12,54,72,54
3/30/2018 12:00:00 AM,705-Global Prod & Inventory Mgt / Guarantees,Everest Group,14227.5,0,552287.81,10991.563,0,12,54,72,54
3/30/2018 12:00:00 AM,901-Board,Everest Group,36.15,0,0,27626.95,0,12,54,72,54
3/30/2018 12:00:00 AM,903-IT,Everest Group,15299.64,0,0,12659.58,0,12,54,72,54
4/26/2018 12:00:00 AM,580-Research and Development,Everest Group,-5000,0,0,-37458.061,0,12,54,72,54
4/26/2018 12:00:00 AM,600-National Sales and Services,Everest Group,-7058,0,-232289.4,-27836.086,142160.3,12,54,72,54
4/30/2018 12:00:00 AM,101-General Services,Everest Group,8485.9,0,0,2852.3,0,12,54,72,54
4/30/2018 12:00:00 AM,503-Marketing,Everest Group,10381.89,0,0,49264.57,0,12,54,72,54
4/30/2018 12:00:00 AM,580-Research and Development,Everest Group,8010.18,0,0,21723.83,0,12,54,72,54
4/30/2018 12:00:00 AM,600-National Sales and Services,Everest Group,14115.75,0,1200140.37,48408.81175,207229.2,12,54,72,54
4/30/2018 12:00:00 AM,702-Consumer Service,Everest Group,1314.91,0,123807.06,21380.661,23545.03,12,54,72,54
4/30/2018 12:00:00 AM,703-Customer Services,Everest Group,339.28,0,66685.66,10532.621,0,12,54,72,54
4/30/2018 12:00:00 AM,705-Global Prod & Inventory Mgt / Guarantees,Everest Group,14227.5,0,600007.89,11948.515,0,12,54,72,54
4/30/2018 12:00:00 AM,901-Board,Everest Group,36.15,0,0,33095.945,0,12,54,72,54
4/30/2018 12:00:00 AM,903-IT,Everest Group,15299.64,0,0,12186.71,0,12,54,72,54
05-01-2018 00:00,580-Research and Development,Everest Group,25.5,0,0,3859.331,0,12,54,72,54
5/27/2018 12:00:00 AM,580-Research and Development,Everest Group,-5000,0,0,-12532.576,0,12,54,72,54
5/30/2018 12:00:00 AM,101-General Services,Everest Group,8485.9,0,0,2063.995,0,12,54,72,54
5/30/2018 12:00:00 AM,503-Marketing,Everest Group,10381.89,0,7.86,49586.801,0,12,54,72,54
5/30/2018 12:00:00 AM,580-Research and Development,Everest Group,3179.44,0,0,10244.636,0,12,54,72,54
5/30/2018 12:00:00 AM,600-National Sales and Services,Everest Group,7057.75,0,1026500.41,69377.418,0,12,54,72,54
5/30/2018 12:00:00 AM,702-Consumer Service,Everest Group,1314.91,0,98878.52,18645.558,0,12,54,72,54
5/30/2018 12:00:00 AM,703-Customer Services,Everest Group,339.28,0,66399.21,8028.54,0,12,54,72,54
5/30/2018 12:00:00 AM,705-Global Prod & Inventory Mgt / Guarantees,Everest Group,14227.5,0,672204.05,8960.92,0,12,54,72,54
5/30/2018 12:00:00 AM,901-Board,Everest Group,36.15,0,0,30378.145,0,12,54,72,54
5/30/2018 12:00:00 AM,903-IT,Everest Group,15299.64,0,-5000,10901.575,0,12,54,72,54
6/30/2018 12:00:00 AM,101-General Services,Everest Group,8485.39,0,0,1910.941,0,12,54,72,54
6/30/2018 12:00:00 AM,503-Marketing,Everest Group,10381.81,0,0,10330.01,0,12,54,72,54
6/30/2018 12:00:00 AM,580-Research and Development,Everest Group,8915.36,0,690.49,15617.078,0,12,54,72,54
6/30/2018 12:00:00 AM,600-National Sales and Services,Everest Group,75132.91,0,1378501.68,51781.908,534,12,54,72,54
6/30/2018 12:00:00 AM,702-Consumer Service,Everest Group,22378.14,0,75538.46,21529.256,0,12,54,72,54
6/30/2018 12:00:00 AM,703-Customer Services,Everest Group,339.27,0,10463.08,4324.919,0,12,54,72,54
6/30/2018 12:00:00 AM,705-Global Prod & Inventory Mgt / Guarantees,Everest Group,14227.14,0,879025.45,20830.742,0,12,54,72,54
6/30/2018 12:00:00 AM,901-Board,Everest Group,36.15,0,0,3326.315,0,12,54,72,54
6/30/2018 12:00:00 AM,903-IT,Everest Group,-12241.34,0,5000,22682.074,0,12,54,72,54
7/31/2018 12:00:00 AM,101-General Services,Everest Group,8485.9,0,0,-1090.205,0,12,54,72,54
7/31/2018 12:00:00 AM,503-Marketing,Everest Group,10381.89,0,0,1839.752,0,12,54,72,54
7/31/2018 12:00:00 AM,580-Research and Development,Everest Group,3326.08,0,0,4805.595,0,12,54,72,54
7/31/2018 12:00:00 AM,600-National Sales and Services,Everest Group,4861.78,0,-105639.24,6717.369,0,12,54,72,54
7/31/2018 12:00:00 AM,702-Consumer Service,Everest Group,280.52,0,101252.86,13664.182,0,12,54,72,54
7/31/2018 12:00:00 AM,703-Customer Services,Everest Group,339.28,0,16995.62,41.42,0,12,54,72,54
7/31/2018 12:00:00 AM,705-Global Prod & Inventory Mgt / Guarantees,Everest Group,14227.5,0,-629280.43,2553.595,0,12,54,72,54
7/31/2018 12:00:00 AM,901-Board,Everest Group,36.15,0,0,6341.757,0,12,54,72,54
7/31/2018 12:00:00 AM,903-IT,Everest Group,12332.95,0,0,4566.335,0,12,54,72,54
8/28/2018 12:00:00 AM,101-General Services,Everest Group,8485.96,0,0,3274.9,0,12,54,72,54
8/28/2018 12:00:00 AM,503-Marketing,Everest Group,10381.89,0,1001.81,17750.364,0,12,54,72,54
8/28/2018 12:00:00 AM,580-Research and Development,Everest Group,3326.08,0,0,21128.714,0,12,54,72,54
8/28/2018 12:00:00 AM,600-National Sales and Services,Everest Group,9361.78,0,467046.79,42966.08,0,12,54,72,54
8/28/2018 12:00:00 AM,702-Consumer Service,Everest Group,280.52,0,76959.36,21056.42,0,12,54,72,54
8/28/2018 12:00:00 AM,703-Customer Services,Everest Group,339.28,0,38859.93,4682.9,0,12,54,72,54
8/28/2018 12:00:00 AM,705-Global Prod & Inventory Mgt / Guarantees,Everest Group,14227.5,0,441227.71,1670.022,-8562.52,12,54,72,54
8/28/2018 12:00:00 AM,901-Board,Everest Group,36.15,0,0,9290.532,0,12,54,72,54
8/28/2018 12:00:00 AM,903-IT,Everest Group,11796.92,0,0,17438.84,0,12,54,72,54
9/22/2018 12:00:00 AM,600-National Sales and Services,Everest Group,-4500,0,-109059.37,-22672.3,148794.57,12,54,72,54
9/28/2018 12:00:00 AM,101-General Services,Everest Group,8471.37,0,0,2797.74,0,12,54,72,54
9/28/2018 12:00:00 AM,503-Marketing,Everest Group,-8719.62,0,1000,25301.634,0,12,54,72,54
9/28/2018 12:00:00 AM,580-Research and Development,Everest Group,3326.08,0,3.62,23977.593,0,12,54,72,54
9/28/2018 12:00:00 AM,600-National Sales and Services,Everest Group,10861.78,0,915354.9,40359.039,270115.83,12,54,72,54
9/28/2018 12:00:00 AM,702-Consumer Service,Everest Group,280.52,0,92587.69,18277.102,11543.28,12,54,72,54
9/28/2018 12:00:00 AM,703-Customer Services,Everest Group,339.28,0,65250.55,6948.568,0,12,54,72,54
9/28/2018 12:00:00 AM,704-Online Shop,Everest Group,23016.42,0,9296.56,5495.764,351.45,12,54,72,54
9/28/2018 12:00:00 AM,705-Global Prod & Inventory Mgt / Guarantees,Everest Group,14227.5,0,299579.35,6001.287,0,12,54,72,54
9/28/2018 12:00:00 AM,901-Board,Everest Group,36.15,0,0,9965.5,0,12,54,72,54
9/28/2018 12:00:00 AM,903-IT,Everest Group,7882.01,0,0,20195.49,0,12,54,72,54
10/21/2018 12:00:00 AM,600-National Sales and Services,Everest Group,-6000,0,-117343.48,-13953.8,136767.86,12,54,72,54
10/28/2018 12:00:00 AM,101-General Services,Everest Group,8434.49,0,0,3166.204,0,12,54,72,54
10/28/2018 12:00:00 AM,503-Marketing,Everest Group,4014.77,0,1000,39059.627,0,12,54,72,54
10/28/2018 12:00:00 AM,580-Research and Development,Everest Group,3326.08,0,0,27618.424,0,12,54,72,54
10/28/2018 12:00:00 AM,600-National Sales and Services,Everest Group,7861.78,0,666336.73,32876.034,123292.46,12,54,72,54
10/28/2018 12:00:00 AM,702-Consumer Service,Everest Group,280.52,0,114715.66,18399.592,41543.21,12,54,72,54
10/28/2018 12:00:00 AM,703-Customer Services,Everest Group,339.28,0,47741.58,7190.075,0,12,54,72,54
10/28/2018 12:00:00 AM,704-Online Shop,Everest Group,7672.14,0,16272.38,7616.784,9994.05,12,54,72,54
10/28/2018 12:00:00 AM,705-Global Prod & Inventory Mgt / Guarantees,Everest Group,14227.5,0,504829.61,5341.075,0,12,54,72,54
10/28/2018 12:00:00 AM,901-Board,Everest Group,36.15,0,0,8447.965,0,12,54,72,54
10/28/2018 12:00:00 AM,903-IT,Everest Group,10431.66,0,0,21418.035,0,12,54,72,54
11/16/2018 12:00:00 AM,600-National Sales and Services,Everest Group,-3000,0,-175127.09,-10823.1,68393.37,12,54,72,54
11/28/2018 12:00:00 AM,101-General Services,Everest Group,8434.65,0,0,2801.6,0,12,54,72,54
11/28/2018 12:00:00 AM,503-Marketing,Everest Group,2542.5,0,1000,39580.25,0,12,54,72,54
11/28/2018 12:00:00 AM,580-Research and Development,Everest Group,3326.08,0,0,28762.329,0,12,54,72,54
11/28/2018 12:00:00 AM,600-National Sales and Services,Everest Group,7861.81,0,550179.81,34991.377,0,12,54,72,54
11/28/2018 12:00:00 AM,702-Consumer Service,Everest Group,280.52,0,87152.11,16291.678,0,12,54,72,54
11/28/2018 12:00:00 AM,703-Customer Services,Everest Group,339.28,0,46844.53,5545.241,0,12,54,72,54
11/28/2018 12:00:00 AM,704-Online Shop,Everest Group,7672.14,0,12470.12145,9703.5,0,12,54,72,54
11/28/2018 12:00:00 AM,705-Global Prod & Inventory Mgt / Guarantees,Everest Group,14227.5,0,352041.89,9823.933,-5198,12,54,72,54
11/28/2018 12:00:00 AM,901-Board,Everest Group,36.15,0,0,5468.102,0,12,54,72,54
11/28/2018 12:00:00 AM,903-IT,Everest Group,10431.66,0,0,23260.935,0,12,54,72,54
12/23/2018 12:00:00 AM,600-National Sales and Services,Everest Group,-3000,0,-144029.04,-9876.133,13592.04,12,54,72,54
12/28/2018 12:00:00 AM,101-General Services,Everest Group,8367.89,0,0,3043.823,0,12,54,72,54
12/28/2018 12:00:00 AM,503-Marketing,Everest Group,2542.52,0,1000,26713.625,0,12,54,72,54
12/28/2018 12:00:00 AM,580-Research and Development,Everest Group,3326.12,0,0,29587.447,0,12,54,72,54
12/28/2018 12:00:00 AM,600-National Sales and Services,Everest Group,7667.35,0,686533.76,33473.645,337075.45,12,54,72,54
12/28/2018 12:00:00 AM,702-Consumer Service,Everest Group,280.52,0,113241.02,18241.68,22725.63,12,54,72,54
12/28/2018 12:00:00 AM,703-Customer Services,Everest Group,339.28,0,50723.75,6580.619,0,12,54,72,54
12/28/2018 12:00:00 AM,704-Online Shop,Everest Group,7672.14,0,115868.5386,9019.932,3148.76,12,54,72,54
12/28/2018 12:00:00 AM,705-Global Prod & Inventory Mgt / Guarantees,Everest Group,14227.5,0,337515.11,7635.165,0.43,12,54,72,54
12/28/2018 12:00:00 AM,901-Board,Everest Group,36.15,0,0,6346.57,0,12,54,72,54
12/28/2018 12:00:00 AM,903-IT,Everest Group,10431.66,0,0,22009.14,0,12,54,72,54
1/20/2019 12:00:00 AM,600-National Sales and Services,Everest Group,-3000,0,-167526.3,-14542.6,12546.43,12,54,72,54
1/28/2019 12:00:00 AM,101-General Services,Everest Group,8367.89,0,0,3042.2,0,12,54,72,54
1/28/2019 12:00:00 AM,503-Marketing,Everest Group,1313.26,0,0,32991.919,0,12,54,72,54
1/28/2019 12:00:00 AM,580-Research and Development,Everest Group,1752.75,0,0,40960.804,0,12,54,72,54
1/28/2019 12:00:00 AM,600-National Sales and Services,Everest Group,8938.45,0,564600.01,26840.182,24361.57,12,54,72,54
1/28/2019 12:00:00 AM,702-Consumer Service,Everest Group,280.52,0,101571.69,17435.976,18673.38,12,54,72,54
1/28/2019 12:00:00 AM,703-Customer Services,Everest Group,339.28,0,61046.25,8071.88,0,12,54,72,54
1/28/2019 12:00:00 AM,704-Online Shop,Everest Group,7672.14,0,4756.74,9225.875,767.47,12,54,72,54
1/28/2019 12:00:00 AM,705-Global Prod & Inventory Mgt / Guarantees,Everest Group,14227.5,0,505237.32,8997.564,0,12,54,72,54
1/28/2019 12:00:00 AM,901-Board,Everest Group,36.15,0,0,3049.013,0,12,54,72,54
1/28/2019 12:00:00 AM,903-IT,Everest Group,10431.69,0,0,22210.005,0,12,54,72,54
2/18/2019 12:00:00 AM,600-National Sales and Services,Everest Group,-4470,0,-160555.06,-10273.81,7242.07,12,54,72,54
2/28/2019 12:00:00 AM,101-General Services,Everest Group,8323.89,0,0,3049.922,0,12,54,72,54
2/28/2019 12:00:00 AM,503-Marketing,Everest Group,1174.36,0,0,35909.0575,0,12,54,72,54
2/28/2019 12:00:00 AM,580-Research and Development,Everest Group,1752.75,0,0,30205.732,0,12,54,72,54
2/28/2019 12:00:00 AM,600-National Sales and Services,Everest Group,4468.45,0,782443.3,30443.547,287287.76,12,54,72,54
2/28/2019 12:00:00 AM,702-Consumer Service,Everest Group,280.52,0,100631.58,17366.485,38914.82,12,54,72,54
2/28/2019 12:00:00 AM,703-Customer Services,Everest Group,339.28,0,52436.09,6244.62,0,12,54,72,54
2/28/2019 12:00:00 AM,704-Online Shop,Everest Group,7672.14,0,5704.36,9918.896,2670.95,12,54,72,54
2/28/2019 12:00:00 AM,705-Global Prod & Inventory Mgt / Guarantees,Everest Group,14227.5,0,522372.54,6792.73,0,12,54,72,54
2/28/2019 12:00:00 AM,901-Board,Everest Group,36.15,0,0,4014.789,0,12,54,72,54
2/28/2019 12:00:00 AM,903-IT,Everest Group,10299.86,0,0,21962.66,0,12,54,72,54
3/30/2019 12:00:00 AM,101-General Services,Everest Group,8323.93,0,0,3182.63,0,12,54,72,54
3/30/2019 12:00:00 AM,503-Marketing,Everest Group,1174.37,0,0,37209.031,0,12,54,72,54
3/30/2019 12:00:00 AM,580-Research and Development,Everest Group,1752.75,0,0,34494.961,0,12,54,72,54
3/30/2019 12:00:00 AM,600-National Sales and Services,Everest Group,4468.45,0,901368.8,35878.136,176903.1,12,54,72,54
3/30/2019 12:00:00 AM,702-Consumer Service,Everest Group,280.52,0,110137.59,19863.517,39857.62,12,54,72,54
3/30/2019 12:00:00 AM,703-Customer Services,Everest Group,339.28,0,59575.39,10692.511,0,12,54,72,54
3/30/2019 12:00:00 AM,704-Online Shop,Everest Group,7672.14,0,12340.6,6726.478,4544.18,12,54,72,54
3/30/2019 12:00:00 AM,705-Global Prod & Inventory Mgt / Guarantees,Everest Group,14227.5,0,560420.56,8840.682,0,12,54,72,54
3/30/2019 12:00:00 AM,901-Board,Everest Group,36.15,0,0,9276.86,0,12,54,72,54
3/30/2019 12:00:00 AM,903-IT,Everest Group,10299.86,0,0,20666.81,0,12,54,72,54
3/31/2019 12:00:00 AM,580-Research and Development,Everest Group,4901.3,0,0,377.098,0,12,54,72,54
4/30/2019 12:00:00 AM,101-General Services,Everest Group,8270.96,0,0,1970,0,12,54,72,54
4/30/2019 12:00:00 AM,503-Marketing,Everest Group,1035.47,0,0,40604.835,0,12,54,72,54
4/30/2019 12:00:00 AM,580-Research and Development,Everest Group,4043.05,0,0,28634.837,0,12,54,72,54
4/30/2019 12:00:00 AM,600-National Sales and Services,Everest Group,4468.45,0,918925.28,41816.926,0,12,54,72,54
4/30/2019 12:00:00 AM,702-Consumer Service,Everest Group,280.52,0,101330.5,20645.115,0,12,54,72,54
4/30/2019 12:00:00 AM,703-Customer Services,Everest Group,339.28,0,58868.64,6335,0,12,54,72,54
4/30/2019 12:00:00 AM,704-Online Shop,Everest Group,7672.14,0,8309.87,8802.874,0,12,54,72,54
4/30/2019 12:00:00 AM,705-Global Prod & Inventory Mgt / Guarantees,Everest Group,14227.5,0,674683.93,8451.843,0,12,54,72,54
4/30/2019 12:00:00 AM,901-Board,Everest Group,36.15,0,0,6049.352,0,12,54,72,54
4/30/2019 12:00:00 AM,903-IT,Everest Group,10299.86,0,0,19733.491,0,12,54,72,54
5/30/2019 12:00:00 AM,101-General Services,Everest Group,8270.83,0,0,1894.449,0,12,54,72,54
5/30/2019 12:00:00 AM,503-Marketing,Everest Group,1035.51,0,0,34038.339,0,12,54,72,54
5/30/2019 12:00:00 AM,580-Research and Development,Everest Group,2734.96,0,0,23683.409,0,12,54,72,54
5/30/2019 12:00:00 AM,600-National Sales and Services,Everest Group,4468.45,0,1250850.79,42087.11,574526.95,12,54,72,54
5/30/2019 12:00:00 AM,702-Consumer Service,Everest Group,280.52,0,103860.55,17416.304,22628.31,12,54,72,54
5/30/2019 12:00:00 AM,703-Customer Services,Everest Group,339.28,0,66427.34,11877.773,0,12,54,72,54
5/30/2019 12:00:00 AM,704-Online Shop,Everest Group,7672.14,0,13448,10528.482,11490.21,12,54,72,54
5/30/2019 12:00:00 AM,705-Global Prod & Inventory Mgt / Guarantees,Everest Group,14227.5,0,659321.22,8371.969,0,12,54,72,54
5/30/2019 12:00:00 AM,901-Board,Everest Group,36.15,0,0,8282.987,0,12,54,72,54
5/30/2019 12:00:00 AM,903-IT,Everest Group,10299.86,0,0,17154.348,0,12,54,72,54
5/30/2019 12:00:00 AM,980-Financial Operations,Everest Group,845.37,710,2.38,13938.085,0,12,54,72,54
6/30/2019 12:00:00 AM,101-General Services,Everest Group,8724.78,0,0,954.686,0,12,54,72,54
6/30/2019 12:00:00 AM,580-Research and Development,Everest Group,2734.92,0,0,23972.33,0,12,54,72,54
6/30/2019 12:00:00 AM,600-National Sales and Services,Everest Group,4468.45,0,1102105.28,29497.09,0,12,54,72,54
6/30/2019 12:00:00 AM,702-Consumer Service,Everest Group,280.43,0,71220.13,15082.298,0,12,54,72,54
6/30/2019 12:00:00 AM,703-Customer Services,Everest Group,339.27,0,32443.56,4570.495,0,12,54,72,54
6/30/2019 12:00:00 AM,704-Online Shop,Everest Group,7672.04,0,7715.03,7222.016,3400.77,12,54,72,54
6/30/2019 12:00:00 AM,705-Global Prod & Inventory Mgt / Guarantees,Everest Group,14227.14,0,497565.55,4542.948,0,12,54,72,54
6/30/2019 12:00:00 AM,901-Board,Everest Group,36.15,0,0,70864.329,0,12,54,72,54
6/30/2019 12:00:00 AM,903-IT,Everest Group,10535.98,0,0,9451.449,0,12,54,72,54
6/30/2019 12:00:00 AM,980-Financial Operations,Everest Group,845.37,0,33.18,11583.628,0,12,54,72,54
7/31/2019 12:00:00 AM,101-General Services,Everest Group,8683.46,0,0,-675.78,0,12,54,72,54
7/31/2019 12:00:00 AM,503-Marketing,Everest Group,150.83,0,0,3913.425,0,12,54,72,54
7/31/2019 12:00:00 AM,580-Research and Development,Everest Group,1752.71,0,0,-5639.771,0,12,54,72,54
7/31/2019 12:00:00 AM,600-National Sales and Services,Everest Group,4468.45,0,-107485.62,14117.741,0,12,54,72,54
7/31/2019 12:00:00 AM,702-Consumer Service,Everest Group,280.52,0,85164.02,15709.406,0,12,54,72,54
7/31/2019 12:00:00 AM,703-Customer Services,Everest Group,339.28,0,15180.38,-894.76,0,12,54,72,54
7/31/2019 12:00:00 AM,704-Online Shop,Everest Group,7672.14,0,11128.24,-3630.725,0,12,54,72,54
7/31/2019 12:00:00 AM,705-Global Prod & Inventory Mgt / Guarantees,Everest Group,14227.5,0,-387355.2,1697.56,0,12,54,72,54
7/31/2019 12:00:00 AM,901-Board,Everest Group,36.15,0,0,6222.3,0,12,54,72,54
7/31/2019 12:00:00 AM,903-IT,Everest Group,10535.97,0,0,1820.53,0,12,54,72,54
8/29/2019 12:00:00 AM,101-General Services,Everest Group,8683.46,0,0,3216.77,0,12,54,72,54
8/29/2019 12:00:00 AM,503-Marketing,Everest Group,150.83,0,0,11925.906,0,12,54,72,54
8/29/2019 12:00:00 AM,580-Research and Development,Everest Group,1952.53,0,0,27843.025,0,12,54,72,54
8/29/2019 12:00:00 AM,600-National Sales and Services,Everest Group,4468.45,0,534146.67,34024.12,291251.1,12,54,72,54
8/29/2019 12:00:00 AM,702-Consumer Service,Everest Group,280.52,0,92678.52,16893.014,14170.81,12,54,72,54
8/29/2019 12:00:00 AM,703-Customer Services,Everest Group,339.28,0,44010.57,5582.833,0,12,54,72,54
8/29/2019 12:00:00 AM,704-Online Shop,Everest Group,7672.14,0,36037.46,10323.788,6700.76,12,54,72,54
8/29/2019 12:00:00 AM,705-Global Prod & Inventory Mgt / Guarantees,Everest Group,14227.5,0,608821.74,7048.697,0,12,54,72,54
8/29/2019 12:00:00 AM,901-Board,Everest Group,36.15,0,0,10230.401,0,12,54,72,54
8/29/2019 12:00:00 AM,903-IT,Everest Group,10536.07,0,0,13433.14,0,12,54,72,54
9/29/2019 12:00:00 AM,101-General Services,Everest Group,8656.38,0,0,3302.5,0,12,54,72,54
9/29/2019 12:00:00 AM,503-Marketing,Everest Group,150.83,0,168.5,13800.094,0,12,54,72,54
9/29/2019 12:00:00 AM,580-Research and Development,Everest Group,1952.53,0,0,25583.401,0,12,54,72,54
9/29/2019 12:00:00 AM,600-National Sales and Services,Everest Group,5240.05,0,800565.21,45631.834,318186.07,12,54,72,54
9/29/2019 12:00:00 AM,702-Consumer Service,Everest Group,280.52,0,98090.68,17656.572,10961.9,12,54,72,54
9/29/2019 12:00:00 AM,703-Customer Services,Everest Group,339.28,0,37581.96,8117.003,0,12,54,72,54
9/29/2019 12:00:00 AM,704-Online Shop,Everest Group,7672.14,0,17205.21,11574.394,13464.6,12,54,72,54
9/29/2019 12:00:00 AM,705-Global Prod & Inventory Mgt / Guarantees,Everest Group,14227.5,0,561939.83,6833.673,0,12,54,72,54
9/29/2019 12:00:00 AM,901-Board,Everest Group,36.15,0,0,6502.91,0,12,54,72,54
9/29/2019 12:00:00 AM,903-IT,Everest Group,9997.38,0,0,21251.29,0,12,54,72,54
10/29/2019 12:00:00 AM,101-General Services,Everest Group,8075.35,0,0,2787.5,0,12,54,72,54
10/29/2019 12:00:00 AM,503-Marketing,Everest Group,589.27,0,0,13455.916,0,12,54,72,54
10/29/2019 12:00:00 AM,580-Research and Development,Everest Group,1952.53,0,0,27691.876,0,12,54,72,54
10/29/2019 12:00:00 AM,600-National Sales and Services,Everest Group,2913.81,0,774830.63,39470.079,0,12,54,72,54
10/29/2019 12:00:00 AM,702-Consumer Service,Everest Group,280.52,0,83665.85,19546.864,0,12,54,72,54
10/29/2019 12:00:00 AM,703-Customer Services,Everest Group,339.28,0,47970.81,5448.135,0,12,54,72,54
10/29/2019 12:00:00 AM,704-Online Shop,Everest Group,7672.14,0,10680.82,10544.068,0,12,54,72,54
10/29/2019 12:00:00 AM,705-Global Prod & Inventory Mgt / Guarantees,Everest Group,14227.5,0,644659.31,6139.898,0,12,54,72,54
10/29/2019 12:00:00 AM,901-Board,Everest Group,36.15,0,0,8938.987,0,12,54,72,54
10/29/2019 12:00:00 AM,903-IT,Everest Group,9917.86,0,0,25382.174,0,12,54,72,54
10/30/2019 12:00:00 AM,101-General Services,Everest Group,100,0,0,1231.644,0,12,54,72,54
11/29/2019 12:00:00 AM,101-General Services,Everest Group,7976.45,0,0,3059.081,0,12,54,72,54
11/29/2019 12:00:00 AM,503-Marketing,Everest Group,589.27,0,0,21815.097,0,12,54,72,54
11/29/2019 12:00:00 AM,580-Research and Development,Everest Group,1952.53,0,0,34427.342,0,12,54,72,54
11/29/2019 12:00:00 AM,600-National Sales and Services,Everest Group,2913.81,0,865181.82,40960.453,87505.25,12,54,72,54
11/29/2019 12:00:00 AM,702-Consumer Service,Everest Group,280.52,0,100224.78,17373.167,34156.92,12,54,72,54
11/29/2019 12:00:00 AM,703-Customer Services,Everest Group,339.28,0,49722.51,5126.84,0,12,54,72,54
11/29/2019 12:00:00 AM,704-Online Shop,Everest Group,7672.14,0,16097.47,9435.719,14772.53,12,54,72,54
11/29/2019 12:00:00 AM,705-Global Prod & Inventory Mgt / Guarantees,Everest Group,14227.5,0,513156.81,7025.236,0,12,54,72,54
11/29/2019 12:00:00 AM,901-Board,Everest Group,2261,0,0,7348.748,0,12,54,72,54
11/29/2019 12:00:00 AM,903-IT,Everest Group,9917.89,0,0,27994.151,0,12,54,72,54
11/30/2019 12:00:00 AM,580-Research and Development,Everest Group,267.58,0,0,129.069,0,12,54,72,54
12/29/2019 12:00:00 AM,101-General Services,Everest Group,6927.76,0,0,2918.067,0,12,54,72,54
12/29/2019 12:00:00 AM,503-Marketing,Everest Group,589.27,0,0,29516.711,0,12,54,72,54
12/29/2019 12:00:00 AM,580-Research and Development,Everest Group,3174.52,0,0,36229.452,0,12,54,72,54
12/29/2019 12:00:00 AM,600-National Sales and Services,Everest Group,2913.81,0,513353.18,31728.717,11893.7,12,54,72,54
12/29/2019 12:00:00 AM,702-Consumer Service,Everest Group,280.52,0,95872.38,17394.32,31504.4,12,54,72,54
12/29/2019 12:00:00 AM,703-Customer Services,Everest Group,339.28,0,54336.3,6614.8,0,12,54,72,54
12/29/2019 12:00:00 AM,704-Online Shop,Everest Group,7672.14,0,17936.44,10563.601,5004.69,12,54,72,54
12/29/2019 12:00:00 AM,705-Global Prod & Inventory Mgt / Guarantees,Everest Group,14227.5,0,525582.05,7914.12,0,12,54,72,54
12/29/2019 12:00:00 AM,901-Board,Everest Group,2261,0,0,11262.302,0,12,54,72,54
12/29/2019 12:00:00 AM,903-IT,Everest Group,9887.01,0,0,30679.696,0,12,54,72,54
1/29/2020 12:00:00 AM,101-General Services,Everest Group,6841.94,0,0,2571.537,0,12,54,72,54
1/29/2020 12:00:00 AM,503-Marketing,Everest Group,589.27,0,0,28891.286,0,12,54,72,54
1/29/2020 12:00:00 AM,580-Research and Development,Everest Group,2632,0,0,28955.129,0,12,54,72,54
1/29/2020 12:00:00 AM,600-National Sales and Services,Everest Group,2913.81,0,507773.08,28695.485,0,12,54,72,54
1/29/2020 12:00:00 AM,702-Consumer Service,Everest Group,280.52,0,86246.07,18105.282,0,12,54,72,54
1/29/2020 12:00:00 AM,703-Customer Services,Everest Group,339.28,0,109039.27,7795.281,0,12,54,72,54
1/29/2020 12:00:00 AM,704-Online Shop,Everest Group,7672.14,0,16708.78,10506.807,0,12,54,72,54
1/29/2020 12:00:00 AM,705-Global Prod & Inventory Mgt / Guarantees,Everest Group,14227.5,0,545122.39,9207.604,0,12,54,72,54
1/29/2020 12:00:00 AM,901-Board,Everest Group,2261,0,0,10904.928,0,12,54,72,54
1/29/2020 12:00:00 AM,903-IT,Everest Group,10262.01,0,0,24842.57,0,12,54,72,54
2/29/2020 12:00:00 AM,101-General Services,Everest Group,6842.1,0,0,3487.727,0,12,54,72,54
2/29/2020 12:00:00 AM,503-Marketing,Everest Group,589.27,0,0,27013.604,0,12,54,72,54
2/29/2020 12:00:00 AM,580-Research and Development,Everest Group,2632,0,0,17807.451,0,12,54,72,54
2/29/2020 12:00:00 AM,600-National Sales and Services,Everest Group,2913.81,0,642313.8,27825.173,57138.72,12,54,72,54
2/29/2020 12:00:00 AM,702-Consumer Service,Everest Group,280.52,0,92630.98,15053.473,23686.17,12,54,72,54
2/29/2020 12:00:00 AM,703-Customer Services,Everest Group,339.28,0,49669.36,8033.772,0,12,54,72,54
2/29/2020 12:00:00 AM,704-Online Shop,Everest Group,7672.14,0,21545.73,9528.394,1544.02,12,54,72,54
2/29/2020 12:00:00 AM,705-Global Prod & Inventory Mgt / Guarantees,Everest Group,14227.5,0,561737.67,7815.834,0,12,54,72,54
2/29/2020 12:00:00 AM,901-Board,Everest Group,2261,0,0,11097.407,0,12,54,72,54
2/29/2020 12:00:00 AM,903-IT,Everest Group,10262.01,0,0,25171.716,0,12,54,72,54
3/30/2020 12:00:00 AM,101-General Services,Everest Group,6691.05,0,0,2624.8,0,12,54,72,54
3/30/2020 12:00:00 AM,503-Marketing,Everest Group,589.27,0,0,22573.297,0,12,54,72,54
3/30/2020 12:00:00 AM,580-Research and Development,Everest Group,2632.05,0,0,22357.421,0,12,54,72,54
3/30/2020 12:00:00 AM,600-National Sales and Services,Everest Group,2913.81,0,926938.42,36689.417,74611.88,12,54,72,54
3/30/2020 12:00:00 AM,702-Consumer Service,Everest Group,280.52,0,100619.58,18160.717,11703.53,12,54,72,54
3/30/2020 12:00:00 AM,703-Customer Services,Everest Group,339.28,0,66023.86,8822.5,0,12,54,72,54
3/30/2020 12:00:00 AM,704-Online Shop,Everest Group,7672.14,0,34091.5,8425.77,6042.47,12,54,72,54
3/30/2020 12:00:00 AM,705-Global Prod & Inventory Mgt / Guarantees,Everest Group,14227.5,0,582510.28,7424.999,0,12,54,72,54
3/30/2020 12:00:00 AM,901-Board,Everest Group,2261,0,0,17865.46,0,12,54,72,54
3/30/2020 12:00:00 AM,903-IT,Everest Group,10261.96,0,0,22064.925,0,12,54,72,54
3/31/2020 12:00:00 AM,980-Financial Operations,Everest Group,521.97,0,0,424.726,0,12,54,72,54
4/30/2020 12:00:00 AM,101-General Services,Everest Group,6587.91,0,0,2661.05,0,12,54,72,54
4/30/2020 12:00:00 AM,503-Marketing,Everest Group,589.27,0,0,21362.886,0,12,54,72,54
4/30/2020 12:00:00 AM,580-Research and Development,Everest Group,2427.23,0,0,28087.199,0,12,54,72,54
4/30/2020 12:00:00 AM,600-National Sales and Services,Everest Group,2913.81,0,1556154.05,48244.365,904047.17,12,54,72,54
4/30/2020 12:00:00 AM,702-Consumer Service,Everest Group,200.52,0,95939.04,16517.177,23336.28,12,54,72,54
4/30/2020 12:00:00 AM,703-Customer Services,Everest Group,339.28,0,53805.58,7747.851,0,12,54,72,54
4/30/2020 12:00:00 AM,704-Online Shop,Everest Group,7672.14,0,14846.98,7956.668,10973.99,12,54,72,54
4/30/2020 12:00:00 AM,705-Global Prod & Inventory Mgt / Guarantees,Everest Group,14227.5,0,552324.58,6153.568,0,12,54,72,54
4/30/2020 12:00:00 AM,901-Board,Everest Group,2261,0,0,8095.979,0,12,54,72,54
4/30/2020 12:00:00 AM,903-IT,Everest Group,10217.51,0,0,21369.152,0,12,54,72,54
4/30/2020 12:00:00 AM,980-Financial Operations,Everest Group,-173.99,0,23.23,13732.285,0,12,54,72,54
5/30/2020 12:00:00 AM,101-General Services,Everest Group,6566.5,0,0,3237.9,0,12,54,72,54
5/30/2020 12:00:00 AM,503-Marketing,Everest Group,589.27,0,0,19989.594,0,12,54,72,54
5/30/2020 12:00:00 AM,580-Research and Development,Everest Group,2427.26,0,0,31066.495,0,12,54,72,54
5/30/2020 12:00:00 AM,600-National Sales and Services,Everest Group,2024.66,0,1279300.81,46324.493,268796.4,12,54,72,54
5/30/2020 12:00:00 AM,702-Consumer Service,Everest Group,200.41,0,110929.34,15420.1705,47982.86,12,54,72,54
5/30/2020 12:00:00 AM,703-Customer Services,Everest Group,339.28,0,60162.2,12899.0515,0,12,54,72,54
5/30/2020 12:00:00 AM,704-Online Shop,Everest Group,7672.14,0,334583.63,9009.159,363421.06,12,54,72,54
5/30/2020 12:00:00 AM,705-Global Prod & Inventory Mgt / Guarantees,Everest Group,14227.5,0,564429.08,6360.93,0,12,54,72,54
5/30/2020 12:00:00 AM,901-Board,Everest Group,2261,0,0,7557.229,0,12,54,72,54
5/30/2020 12:00:00 AM,903-IT,Everest Group,10217.51,0,0,18015.577,0,12,54,72,54
5/30/2020 12:00:00 AM,980-Financial Operations,Everest Group,173.99,0,-3.88,12593.013,0,12,54,72,54
6/30/2020 12:00:00 AM,101-General Services,Everest Group,6486.01,0,0,3671.46,0,12,54,72,54
6/30/2020 12:00:00 AM,503-Marketing,Everest Group,589.27,0,0,8166.66,0,12,54,72,54
6/30/2020 12:00:00 AM,580-Research and Development,Everest Group,1968.41,0,0,8399.65,0,12,54,72,54
6/30/2020 12:00:00 AM,600-National Sales and Services,Everest Group,2024.71,0,1038728.64,38706.118,3888,12,54,72,54
6/30/2020 12:00:00 AM,702-Consumer Service,Everest Group,190.44,0,69280.56,15920.958,0,12,54,72,54
6/30/2020 12:00:00 AM,703-Customer Services,Everest Group,339.33,0,36054.45,4876.145,0,12,54,72,54
6/30/2020 12:00:00 AM,704-Online Shop,Everest Group,7672.04,0,7063.59,9577.699,1720.93,12,54,72,54
6/30/2020 12:00:00 AM,705-Global Prod & Inventory Mgt / Guarantees,Everest Group,14227.14,0,334472.24,-1942.375,0,12,54,72,54
6/30/2020 12:00:00 AM,901-Board,Everest Group,36.15,0,0,13947.059,0,12,54,72,54
6/30/2020 12:00:00 AM,903-IT,Everest Group,10217.47,0,0,12866.859,0,12,54,72,54
6/30/2020 12:00:00 AM,980-Financial Operations,Everest Group,173.99,63948,12.12,10100.972,0,12,54,72,54
7/31/2020 12:00:00 AM,101-General Services,Everest Group,8693.880152,0,0,-676.590936,0,12,54,72,54
7/31/2020 12:00:00 AM,503-Marketing,Everest Group,151.010996,0,0,3918.12111,0,12,54,72,54
7/31/2020 12:00:00 AM,580-Research and Development,Everest Group,1754.813252,0,0,-5646.538725,0,12,54,72,54
7/31/2020 12:00:00 AM,600-National Sales and Services,Everest Group,4473.81214,0,-107614.6027,14134.68229,0,12,54,72,54
7/31/2020 12:00:00 AM,702-Consumer Service,Everest Group,280.856624,0,85266.21682,15728.25729,0,12,54,72,54
7/31/2020 12:00:00 AM,703-Customer Services,Everest Group,339.687136,0,15198.59646,-895.833712,0,12,54,72,54
7/31/2020 12:00:00 AM,704-Online Shop,Everest Group,7681.346568,0,11141.59389,-3635.08187,0,12,54,72,54
7/31/2020 12:00:00 AM,705-Global Prod & Inventory Mgt / Guarantees,Everest Group,14244.573,0,-387820.0262,1699.597072,0,12,54,72,54
7/31/2020 12:00:00 AM,901-Board,Everest Group,36.19338,0,0,6229.76676,0,12,54,72,54
7/31/2020 12:00:00 AM,903-IT,Everest Group,10548.61316,0,0,1822.714636,0,12,54,72,54
8/29/2020 12:00:00 AM,101-General Services,Everest Group,8693.880152,0,0,3220.630124,0,12,54,72,54
8/29/2020 12:00:00 AM,503-Marketing,Everest Group,151.010996,0,0,11940.21709,0,12,54,72,54
8/29/2020 12:00:00 AM,580-Research and Development,Everest Group,1954.873036,0,0,27876.43663,0,12,54,72,54
8/29/2020 12:00:00 AM,600-National Sales and Services,Everest Group,4473.81214,0,534787.646,34064.94894,294746.1132,12,54,72,54
8/29/2020 12:00:00 AM,702-Consumer Service,Everest Group,280.856624,0,92789.73422,16913.28562,14340.85972,12,54,72,54
8/29/2020 12:00:00 AM,703-Customer Services,Everest Group,339.687136,0,44063.38268,5589.5324,0,12,54,72,54
8/29/2020 12:00:00 AM,704-Online Shop,Everest Group,7681.346568,0,36080.70495,10336.17655,6781.16912,12,54,72,54
8/29/2020 12:00:00 AM,705-Global Prod & Inventory Mgt / Guarantees,Everest Group,14244.573,0,609552.3261,7057.155436,0,12,54,72,54
8/29/2020 12:00:00 AM,901-Board,Everest Group,36.19338,0,0,10242.67748,0,12,54,72,54
8/29/2020 12:00:00 AM,903-IT,Everest Group,10548.71328,0,0,13449.25977,0,12,54,72,54
9/29/2020 12:00:00 AM,101-General Services,Everest Group,8666.767656,0,0,3306.463,0,12,54,72,54
9/29/2020 12:00:00 AM,503-Marketing,Everest Group,151.010996,0,168.7022,13816.65411,0,12,54,72,54
9/29/2020 12:00:00 AM,580-Research and Development,Everest Group,1954.873036,0,0,25614.10108,0,12,54,72,54
9/29/2020 12:00:00 AM,600-National Sales and Services,Everest Group,5246.33806,0,801525.8883,45686.5922,322004.3028,12,54,72,54
9/29/2020 12:00:00 AM,702-Consumer Service,Everest Group,280.856624,0,98208.38882,17677.75989,11093.4428,12,54,72,54
9/29/2020 12:00:00 AM,703-Customer Services,Everest Group,339.687136,0,37627.05835,8126.743404,0,12,54,72,54
9/29/2020 12:00:00 AM,704-Online Shop,Everest Group,7681.346568,0,17225.85625,11588.28327,13626.1752,12,54,72,54
9/29/2020 12:00:00 AM,705-Global Prod & Inventory Mgt / Guarantees,Everest Group,14244.573,0,562614.1578,6841.873408,0,12,54,72,54
9/29/2020 12:00:00 AM,901-Board,Everest Group,36.19338,0,0,6510.713492,0,12,54,72,54
9/29/2020 12:00:00 AM,903-IT,Everest Group,10009.37686,0,0,21276.79155,0,12,54,72,54
10/29/2020 12:00:00 AM,101-General Services,Everest Group,8085.04042,0,0,2790.845,0,12,54,72,54
10/29/2020 12:00:00 AM,503-Marketing,Everest Group,589.977124,0,0,13472.0631,0,12,54,72,54
10/29/2020 12:00:00 AM,580-Research and Development,Everest Group,1954.873036,0,0,27725.10625,0,12,54,72,54
10/29/2020 12:00:00 AM,600-National Sales and Services,Everest Group,2917.306572,0,775760.4268,39517.44309,0,12,54,72,54
10/29/2020 12:00:00 AM,702-Consumer Service,Everest Group,280.856624,0,83766.24902,19570.32024,0,12,54,72,54
10/29/2020 12:00:00 AM,703-Customer Services,Everest Group,339.687136,0,48028.37497,5454.672762,0,12,54,72,54
10/29/2020 12:00:00 AM,704-Online Shop,Everest Group,7681.346568,0,10693.63698,10556.72088,0,12,54,72,54
10/29/2020 12:00:00 AM,705-Global Prod & Inventory Mgt / Guarantees,Everest Group,14244.573,0,645432.9012,6147.265878,0,12,54,72,54
10/29/2020 12:00:00 AM,901-Board,Everest Group,36.19338,0,0,8949.713784,0,12,54,72,54
10/29/2020 12:00:00 AM,903-IT,Everest Group,9929.761432,0,0,25412.63261,0,12,54,72,54
10/30/2020 12:00:00 AM,101-General Services,Everest Group,100.12,0,0,1233.121973,0,12,54,72,54
11/29/2020 12:00:00 AM,101-General Services,Everest Group,7986.02174,0,0,3062.751897,0,12,54,72,54
11/29/2020 12:00:00 AM,503-Marketing,Everest Group,589.977124,0,0,21841.27512,0,12,54,72,54
11/29/2020 12:00:00 AM,580-Research and Development,Everest Group,1954.873036,0,0,34468.65481,0,12,54,72,54
11/29/2020 12:00:00 AM,600-National Sales and Services,Everest Group,2917.306572,0,866220.0382,41009.60554,88555.313,12,54,72,54
11/29/2020 12:00:00 AM,702-Consumer Service,Everest Group,280.856624,0,100345.0497,17394.0148,34566.80304,12,54,72,54
11/29/2020 12:00:00 AM,703-Customer Services,Everest Group,339.687136,0,49782.17701,5132.992208,0,12,54,72,54
11/29/2020 12:00:00 AM,704-Online Shop,Everest Group,7681.346568,0,16116.78696,9447.041863,14949.80036,12,54,72,54
11/29/2020 12:00:00 AM,705-Global Prod & Inventory Mgt / Guarantees,Everest Group,14244.573,0,513772.5982,7033.666283,0,12,54,72,54
11/29/2020 12:00:00 AM,901-Board,Everest Group,2263.7132,0,0,7357.566498,0,12,54,72,54
11/29/2020 12:00:00 AM,903-IT,Everest Group,9929.791468,0,0,28027.74398,0,12,54,72,54
11/30/2020 12:00:00 AM,580-Research and Development,Everest Group,267.901096,0,0,129.2238828,0,12,54,72,54
12/29/2020 12:00:00 AM,101-General Services,Everest Group,6936.073312,0,0,2921.56868,0,12,54,72,54
12/29/2020 12:00:00 AM,503-Marketing,Everest Group,589.977124,0,0,29552.13105,0,12,54,72,54
12/29/2020 12:00:00 AM,580-Research and Development,Everest Group,3178.329424,0,0,36272.92734,0,12,54,72,54
12/29/2020 12:00:00 AM,600-National Sales and Services,Everest Group,2917.306572,0,513969.2038,31766.79146,12036.4244,12,54,72,54
12/29/2020 12:00:00 AM,702-Consumer Service,Everest Group,280.856624,0,95987.42686,17415.19318,31882.4528,12,54,72,54
12/29/2020 12:00:00 AM,703-Customer Services,Everest Group,339.687136,0,54401.50356,6622.73776,0,12,54,72,54
12/29/2020 12:00:00 AM,704-Online Shop,Everest Group,7681.346568,0,17957.96373,10576.27732,5064.74628,12,54,72,54
12/29/2020 12:00:00 AM,705-Global Prod & Inventory Mgt / Guarantees,Everest Group,14244.573,0,526212.7485,7923.616944,0,12,54,72,54
12/29/2020 12:00:00 AM,901-Board,Everest Group,2263.7132,0,0,11275.81676,0,12,54,72,54
12/29/2020 12:00:00 AM,903-IT,Everest Group,9898.874412,0,0,30716.51164,0,12,54,72,54
1/29/2021 12:00:00 AM,101-General Services,Everest Group,6850.150328,0,0,2574.622844,0,12,54,72,54
1/29/2021 12:00:00 AM,503-Marketing,Everest Group,589.977124,0,0,28925.95554,0,12,54,72,54
1/29/2021 12:00:00 AM,580-Research and Development,Everest Group,2635.1584,0,0,28989.87515,0,12,54,72,54
1/29/2021 12:00:00 AM,600-National Sales and Services,Everest Group,2917.306572,0,508382.4077,28729.91958,0,12,54,72,54
1/29/2021 12:00:00 AM,702-Consumer Service,Everest Group,280.856624,0,86349.56528,18127.00834,0,12,54,72,54
1/29/2021 12:00:00 AM,703-Customer Services,Everest Group,339.687136,0,109170.1171,7804.635337,0,12,54,72,54
1/29/2021 12:00:00 AM,704-Online Shop,Everest Group,7681.346568,0,16728.83054,10519.41517,0,12,54,72,54
1/29/2021 12:00:00 AM,705-Global Prod & Inventory Mgt / Guarantees,Everest Group,14244.573,0,545776.5369,9218.653125,0,12,54,72,54
1/29/2021 12:00:00 AM,901-Board,Everest Group,2263.7132,0,0,10918.01391,0,12,54,72,54
1/29/2021 12:00:00 AM,903-IT,Everest Group,10274.32441,0,0,24872.38108,0,12,54,72,54
03-01-2021 00:00,101-General Services,Everest Group,6850.31052,0,0,3491.912272,0,12,54,72,54
03-01-2021 00:00,503-Marketing,Everest Group,589.977124,0,0,27046.02032,0,12,54,72,54
03-01-2021 00:00,580-Research and Development,Everest Group,2635.1584,0,0,17828.81994,0,12,54,72,54
03-01-2021 00:00,600-National Sales and Services,Everest Group,2917.306572,0,643084.5766,27858.56321,57824.38464,12,54,72,54
03-01-2021 00:00,702-Consumer Service,Everest Group,280.856624,0,92742.13718,15071.53717,23970.40404,12,54,72,54
03-01-2021 00:00,703-Customer Services,Everest Group,339.687136,0,49728.96323,8043.412526,0,12,54,72,54
03-01-2021 00:00,704-Online Shop,Everest Group,7681.346568,0,21571.58488,9539.828073,1562.54824,12,54,72,54
03-01-2021 00:00,705-Global Prod & Inventory Mgt / Guarantees,Everest Group,14244.573,0,562411.7552,7825.213001,0,12,54,72,54
03-01-2021 00:00,901-Board,Everest Group,2263.7132,0,0,11110.72389,0,12,54,72,54
03-01-2021 00:00,903-IT,Everest Group,10274.32441,0,0,25201.92206,0,12,54,72,54
3/31/2021 12:00:00 AM,101-General Services,Everest Group,6699.07926,0,0,2627.94976,0,12,54,72,54
3/31/2021 12:00:00 AM,503-Marketing,Everest Group,589.977124,0,0,22600.38496,0,12,54,72,54
3/31/2021 12:00:00 AM,580-Research and Development,Everest Group,2635.20846,0,0,22384.24991,0,12,54,72,54
3/31/2021 12:00:00 AM,600-National Sales and Services,Everest Group,2917.306572,0,928050.7461,36733.4443,75507.22256,12,54,72,54
3/31/2021 12:00:00 AM,702-Consumer Service,Everest Group,280.856624,0,100740.3235,18182.50986,11843.97236,12,54,72,54
3/31/2021 12:00:00 AM,703-Customer Services,Everest Group,339.687136,0,66103.08863,8833.087,0,12,54,72,54
3/31/2021 12:00:00 AM,704-Online Shop,Everest Group,7681.346568,0,34132.4098,8435.880924,6114.97964,12,54,72,54
3/31/2021 12:00:00 AM,705-Global Prod & Inventory Mgt / Guarantees,Everest Group,14244.573,0,583209.2923,7433.908999,0,12,54,72,54
3/31/2021 12:00:00 AM,901-Board,Everest Group,2263.7132,0,0,17886.89855,0,12,54,72,54
3/31/2021 12:00:00 AM,903-IT,Everest Group,10274.27435,0,0,22091.40291,0,12,54,72,54
04-01-2021 00:00,980-Financial Operations,Everest Group,522.596364,0,0,425.2356712,0,12,54,72,54
05-01-2021 00:00,101-General Services,Everest Group,6595.815492,0,0,2664.24326,0,12,54,72,54
05-01-2021 00:00,503-Marketing,Everest Group,589.977124,0,0,21388.52146,0,12,54,72,54
05-01-2021 00:00,580-Research and Development,Everest Group,2430.142676,0,0,28120.90364,0,12,54,72,54
05-01-2021 00:00,600-National Sales and Services,Everest Group,2917.306572,0,1558021.435,48302.25824,914895.736,12,54,72,54
05-01-2021 00:00,702-Consumer Service,Everest Group,200.760624,0,96054.16685,16536.99761,23616.31536,12,54,72,54
05-01-2021 00:00,703-Customer Services,Everest Group,339.687136,0,53870.1467,7757.148421,0,12,54,72,54
05-01-2021 00:00,704-Online Shop,Everest Group,7681.346568,0,14864.79638,7966.216002,11105.67788,12,54,72,54
05-01-2021 00:00,705-Global Prod & Inventory Mgt / Guarantees,Everest Group,14244.573,0,552987.3695,6160.952282,0,12,54,72,54
05-01-2021 00:00,901-Board,Everest Group,2263.7132,0,0,8105.694175,0,12,54,72,54
05-01-2021 00:00,903-IT,Everest Group,10229.77101,0,0,21394.79498,0,12,54,72,54
05-01-2021 00:00,980-Financial Operations,Everest Group,-174.198788,0,23.257876,13748.76374,0,12,54,72,54
5/31/2021 12:00:00 AM,101-General Services,Everest Group,6574.3798,0,0,3241.78548,0,12,54,72,54
5/31/2021 12:00:00 AM,503-Marketing,Everest Group,589.977124,0,0,20013.58151,0,12,54,72,54
5/31/2021 12:00:00 AM,580-Research and Development,Everest Group,2430.172712,0,0,31103.77479,0,12,54,72,54
5/31/2021 12:00:00 AM,600-National Sales and Services,Everest Group,2027.089592,0,1280835.971,46380.08239,272021.9568,12,54,72,54
5/31/2021 12:00:00 AM,702-Consumer Service,Everest Group,200.650492,0,111062.4552,15438.6747,48558.65432,12,54,72,54
5/31/2021 12:00:00 AM,703-Customer Services,Everest Group,339.687136,0,60234.39464,12914.53036,0,12,54,72,54
5/31/2021 12:00:00 AM,704-Online Shop,Everest Group,7681.346568,0,334985.1304,9019.969991,367782.1127,12,54,72,54
5/31/2021 12:00:00 AM,705-Global Prod & Inventory Mgt / Guarantees,Everest Group,14244.573,0,565106.3949,6368.563116,0,12,54,72,54
5/31/2021 12:00:00 AM,901-Board,Everest Group,2263.7132,0,0,7566.297675,0,12,54,72,54
5/31/2021 12:00:00 AM,903-IT,Everest Group,10229.77101,0,0,18037.19569,0,12,54,72,54
5/31/2021 12:00:00 AM,980-Financial Operations,Everest Group,174.198788,0,-3.884656,12608.12462,0,12,54,72,54
6/30/2021 12:00:00 AM,101-General Services,Everest Group,6493.793212,0,0,3675.865752,0,12,54,72,54
6/30/2021 12:00:00 AM,503-Marketing,Everest Group,589.977124,0,0,8176.459992,0,12,54,72,54
6/30/2021 12:00:00 AM,580-Research and Development,Everest Group,1970.772092,0,0,8409.72958,0,12,54,72,54
6/30/2021 12:00:00 AM,600-National Sales and Services,Everest Group,2027.139652,0,1039975.114,38752.56534,3934.656,12,54,72,54
6/30/2021 12:00:00 AM,702-Consumer Service,Everest Group,190.668528,0,69363.69667,15940.06315,0,12,54,72,54
6/30/2021 12:00:00 AM,703-Customer Services,Everest Group,339.737196,0,36097.71534,4881.996374,0,12,54,72,54
6/30/2021 12:00:00 AM,704-Online Shop,Everest Group,7681.246448,0,7072.066308,9589.192239,1741.58116,12,54,72,54
6/30/2021 12:00:00 AM,705-Global Prod & Inventory Mgt / Guarantees,Everest Group,14244.21257,0,334873.6067,-1944.70585,0,12,54,72,54
6/30/2021 12:00:00 AM,901-Board,Everest Group,36.19338,0,0,13963.79547,0,12,54,72,54
6/30/2021 12:00:00 AM,903-IT,Everest Group,10229.73096,0,0,12882.29923,0,12,54,72,54
6/30/2021 12:00:00 AM,980-Financial Operations,Everest Group,174.198788,64024.7376,12.134544,10113.09317,0,12,54,72,54
7/31/2021 12:00:00 AM,101-General Services,Everest Group,8259.186144,0,0,-642.7613892,0,12,54,72,54
7/31/2021 12:00:00 AM,503-Marketing,Everest Group,143.4604462,0,0,3722.215055,0,12,54,72,54
7/31/2021 12:00:00 AM,580-Research and Development,Everest Group,1667.072589,0,0,-5364.211789,0,12,54,72,54
7/31/2021 12:00:00 AM,600-National Sales and Services,Everest Group,4250.121533,0,-102233.8726,13427.94817,0,12,54,72,54
7/31/2021 12:00:00 AM,702-Consumer Service,Everest Group,266.8137928,0,81002.90598,14941.84442,0,12,54,72,54
7/31/2021 12:00:00 AM,703-Customer Services,Everest Group,322.7027792,0,14438.66663,-851.0420264,0,12,54,72,54
7/31/2021 12:00:00 AM,704-Online Shop,Everest Group,7297.27924,0,10584.51419,-3453.327777,0,12,54,72,54
7/31/2021 12:00:00 AM,705-Global Prod & Inventory Mgt / Guarantees,Everest Group,13532.34435,0,-368429.0249,1614.617218,0,12,54,72,54
7/31/2021 12:00:00 AM,901-Board,Everest Group,34.383711,0,0,5918.278422,0,12,54,72,54
7/31/2021 12:00:00 AM,903-IT,Everest Group,10021.18251,0,0,1731.578904,0,12,54,72,54
8/29/2021 12:00:00 AM,101-General Services,Everest Group,8259.186144,0,0,3059.598618,0,12,54,72,54
8/29/2021 12:00:00 AM,503-Marketing,Everest Group,143.4604462,0,0,11343.20623,0,12,54,72,54
8/29/2021 12:00:00 AM,580-Research and Development,Everest Group,1857.129384,0,0,26482.6148,0,12,54,72,54
8/29/2021 12:00:00 AM,600-National Sales and Services,Everest Group,4250.121533,0,508048.2637,32361.7015,280008.8075,12,54,72,54
8/29/2021 12:00:00 AM,702-Consumer Service,Everest Group,266.8137928,0,88150.24751,16067.62134,13623.81673,12,54,72,54
8/29/2021 12:00:00 AM,703-Customer Services,Everest Group,322.7027792,0,41860.21355,5310.05578,0,12,54,72,54
8/29/2021 12:00:00 AM,704-Online Shop,Everest Group,7297.27924,0,34276.6697,9819.367718,6442.110664,12,54,72,54
8/29/2021 12:00:00 AM,705-Global Prod & Inventory Mgt / Guarantees,Everest Group,13532.34435,0,579074.7098,6704.297665,0,12,54,72,54
8/29/2021 12:00:00 AM,901-Board,Everest Group,34.383711,0,0,9730.543607,0,12,54,72,54
8/29/2021 12:00:00 AM,903-IT,Everest Group,10021.27762,0,0,12776.79678,0,12,54,72,54
9/29/2021 12:00:00 AM,101-General Services,Everest Group,8233.429273,0,0,3141.13985,0,12,54,72,54
9/29/2021 12:00:00 AM,503-Marketing,Everest Group,143.4604462,0,160.26709,13125.82141,0,12,54,72,54
9/29/2021 12:00:00 AM,580-Research and Development,Everest Group,1857.129384,0,0,24333.39603,0,12,54,72,54
9/29/2021 12:00:00 AM,600-National Sales and Services,Everest Group,4984.021157,0,761449.5938,43402.26259,305904.0877,12,54,72,54
9/29/2021 12:00:00 AM,702-Consumer Service,Everest Group,266.8137928,0,93297.96938,16793.87189,10538.77066,12,54,72,54
9/29/2021 12:00:00 AM,703-Customer Services,Everest Group,322.7027792,0,35745.70543,7720.406233,0,12,54,72,54
9/29/2021 12:00:00 AM,704-Online Shop,Everest Group,7297.27924,0,16364.56344,11008.86911,12944.86644,12,54,72,54
9/29/2021 12:00:00 AM,705-Global Prod & Inventory Mgt / Guarantees,Everest Group,13532.34435,0,534483.4499,6499.779737,0,12,54,72,54
9/29/2021 12:00:00 AM,901-Board,Everest Group,34.383711,0,0,6185.177817,0,12,54,72,54
9/29/2021 12:00:00 AM,903-IT,Everest Group,9508.908013,0,0,20212.95197,0,12,54,72,54
10/29/2021 12:00:00 AM,101-General Services,Everest Group,7680.788399,0,0,2651.30275,0,12,54,72,54
10/29/2021 12:00:00 AM,503-Marketing,Everest Group,560.4782678,0,0,12798.45994,0,12,54,72,54
10/29/2021 12:00:00 AM,580-Research and Development,Everest Group,1857.129384,0,0,26338.85094,0,12,54,72,54
10/29/2021 12:00:00 AM,600-National Sales and Services,Everest Group,2771.441243,0,736972.4054,37541.57094,0,12,54,72,54
10/29/2021 12:00:00 AM,702-Consumer Service,Everest Group,266.8137928,0,79577.93657,18591.80422,0,12,54,72,54
10/29/2021 12:00:00 AM,703-Customer Services,Everest Group,322.7027792,0,45626.95622,5181.939124,0,12,54,72,54
10/29/2021 12:00:00 AM,704-Online Shop,Everest Group,7297.27924,0,10158.95513,10028.88484,0,12,54,72,54
10/29/2021 12:00:00 AM,705-Global Prod & Inventory Mgt / Guarantees,Everest Group,13532.34435,0,613161.2561,5839.902584,0,12,54,72,54
10/29/2021 12:00:00 AM,901-Board,Everest Group,34.383711,0,0,8502.228095,0,12,54,72,54
10/29/2021 12:00:00 AM,903-IT,Everest Group,9433.27336,0,0,24142.00098,0,12,54,72,54
10/30/2021 12:00:00 AM,101-General Services,Everest Group,95.114,0,0,1171.465874,0,12,54,72,54
11/29/2021 12:00:00 AM,101-General Services,Everest Group,7586.720653,0,0,2909.614302,0,12,54,72,54
11/29/2021 12:00:00 AM,503-Marketing,Everest Group,560.4782678,0,0,20749.21136,0,12,54,72,54
11/29/2021 12:00:00 AM,580-Research and Development,Everest Group,1857.129384,0,0,32745.22207,0,12,54,72,54
11/29/2021 12:00:00 AM,600-National Sales and Services,Everest Group,2771.441243,0,822909.0363,38959.12527,84127.54735,12,54,72,54
11/29/2021 12:00:00 AM,702-Consumer Service,Everest Group,266.8137928,0,95327.79725,16524.31406,32838.46289,12,54,72,54
11/29/2021 12:00:00 AM,703-Customer Services,Everest Group,322.7027792,0,47293.06816,4876.342598,0,12,54,72,54
11/29/2021 12:00:00 AM,704-Online Shop,Everest Group,7297.27924,0,15310.94762,8974.68977,14202.31034,12,54,72,54
11/29/2021 12:00:00 AM,705-Global Prod & Inventory Mgt / Guarantees,Everest Group,13532.34435,0,488083.9683,6681.982969,0,12,54,72,54
11/29/2021 12:00:00 AM,901-Board,Everest Group,2150.52754,0,0,6989.688173,0,12,54,72,54
11/29/2021 12:00:00 AM,903-IT,Everest Group,9433.301895,0,0,26626.35678,0,12,54,72,54
11/30/2021 12:00:00 AM,580-Research and Development,Everest Group,254.5060412,0,0,122.7626887,0,12,54,72,54
12/29/2021 12:00:00 AM,101-General Services,Everest Group,6589.269646,0,0,2775.490246,0,12,54,72,54
12/29/2021 12:00:00 AM,503-Marketing,Everest Group,560.4782678,0,0,28074.5245,0,12,54,72,54
12/29/2021 12:00:00 AM,580-Research and Development,Everest Group,3019.412953,0,0,34459.28098,0,12,54,72,54
12/29/2021 12:00:00 AM,600-National Sales and Services,Everest Group,2771.441243,0,488270.7436,30178.45189,11434.60318,12,54,72,54
12/29/2021 12:00:00 AM,702-Consumer Service,Everest Group,266.8137928,0,91188.05551,16544.43352,30288.33016,12,54,72,54
12/29/2021 12:00:00 AM,703-Customer Services,Everest Group,322.7027792,0,51681.42838,6291.600872,0,12,54,72,54
12/29/2021 12:00:00 AM,704-Online Shop,Everest Group,7297.27924,0,17060.06554,10047.46346,4811.508966,12,54,72,54
12/29/2021 12:00:00 AM,705-Global Prod & Inventory Mgt / Guarantees,Everest Group,13532.34435,0,499902.111,7527.436097,0,12,54,72,54
12/29/2021 12:00:00 AM,901-Board,Everest Group,2150.52754,0,0,10712.02592,0,12,54,72,54
12/29/2021 12:00:00 AM,903-IT,Everest Group,9403.930691,0,0,29180.68605,0,12,54,72,54
1/29/2022 12:00:00 AM,101-General Services,Everest Group,6507.642812,0,0,2445.891702,0,12,54,72,54
1/29/2022 12:00:00 AM,503-Marketing,Everest Group,560.4782678,0,0,27479.65777,0,12,54,72,54
1/29/2022 12:00:00 AM,580-Research and Development,Everest Group,2503.40048,0,0,27540.3814,0,12,54,72,54
1/29/2022 12:00:00 AM,600-National Sales and Services,Everest Group,2771.441243,0,482963.2873,27293.4236,0,12,54,72,54
1/29/2022 12:00:00 AM,702-Consumer Service,Everest Group,266.8137928,0,82032.08702,17220.65792,0,12,54,72,54
1/29/2022 12:00:00 AM,703-Customer Services,Everest Group,322.7027792,0,103711.6113,7414.40357,0,12,54,72,54
1/29/2022 12:00:00 AM,704-Online Shop,Everest Group,7297.27924,0,15892.38901,9993.44441,0,12,54,72,54
1/29/2022 12:00:00 AM,705-Global Prod & Inventory Mgt / Guarantees,Everest Group,13532.34435,0,518487.71,8757.720469,0,12,54,72,54
1/29/2022 12:00:00 AM,901-Board,Everest Group,2150.52754,0,0,10372.11322,0,12,54,72,54
1/29/2022 12:00:00 AM,903-IT,Everest Group,9760.608191,0,0,23628.76203,0,12,54,72,54
03-01-2022 00:00,101-General Services,Everest Group,6507.794994,0,0,3317.316659,0,12,54,72,54
03-01-2022 00:00,503-Marketing,Everest Group,560.4782678,0,0,25693.71931,0,12,54,72,54
03-01-2022 00:00,580-Research and Development,Everest Group,2503.40048,0,0,16937.37894,0,12,54,72,54
03-01-2022 00:00,600-National Sales and Services,Everest Group,2771.441243,0,610930.3477,26465.63505,54933.16541,12,54,72,54
03-01-2022 00:00,702-Consumer Service,Everest Group,266.8137928,0,88105.03032,14317.96031,22771.88384,12,54,72,54
03-01-2022 00:00,703-Customer Services,Everest Group,322.7027792,0,47242.51507,7641.2419,0,12,54,72,54
03-01-2022 00:00,704-Online Shop,Everest Group,7297.27924,0,20493.00563,9062.836669,1484.420828,12,54,72,54
03-01-2022 00:00,705-Global Prod & Inventory Mgt / Guarantees,Everest Group,13532.34435,0,534291.1674,7433.952351,0,12,54,72,54
03-01-2022 00:00,901-Board,Everest Group,2150.52754,0,0,10555.18769,0,12,54,72,54
03-01-2022 00:00,903-IT,Everest Group,9760.608191,0,0,23941.82596,0,12,54,72,54
3/31/2022 12:00:00 AM,101-General Services,Everest Group,6364.125297,0,0,2496.552272,0,12,54,72,54
3/31/2022 12:00:00 AM,503-Marketing,Everest Group,560.4782678,0,0,21470.36571,0,12,54,72,54
3/31/2022 12:00:00 AM,580-Research and Development,Everest Group,2503.448037,0,0,21265.03741,0,12,54,72,54
3/31/2022 12:00:00 AM,600-National Sales and Services,Everest Group,2771.441243,0,881648.2088,34896.77209,71731.86143,12,54,72,54
3/31/2022 12:00:00 AM,702-Consumer Service,Everest Group,266.8137928,0,95703.30732,17273.38437,11251.77374,12,54,72,54
3/31/2022 12:00:00 AM,703-Customer Services,Everest Group,322.7027792,0,62797.9342,8391.43265,0,12,54,72,54
3/31/2022 12:00:00 AM,704-Online Shop,Everest Group,7297.27924,0,32425.78931,8014.086878,5809.230658,12,54,72,54
3/31/2022 12:00:00 AM,705-Global Prod & Inventory Mgt / Guarantees,Everest Group,13532.34435,0,554048.8277,7062.213549,0,12,54,72,54
3/31/2022 12:00:00 AM,901-Board,Everest Group,2150.52754,0,0,16992.55362,0,12,54,72,54
3/31/2022 12:00:00 AM,903-IT,Everest Group,9760.560634,0,0,20986.83276,0,12,54,72,54
04-01-2022 00:00,980-Financial Operations,Everest Group,496.4665458,0,0,403.9738876,0,12,54,72,54
05-01-2022 00:00,101-General Services,Everest Group,6266.024717,0,0,2531.031097,0,12,54,72,54
05-01-2022 00:00,503-Marketing,Everest Group,560.4782678,0,0,20319.09539,0,12,54,72,54
05-01-2022 00:00,580-Research and Development,Everest Group,2308.635542,0,0,26714.85846,0,12,54,72,54
05-01-2022 00:00,600-National Sales and Services,Everest Group,2771.441243,0,1480120.363,45887.14533,869150.9492,12,54,72,54
05-01-2022 00:00,702-Consumer Service,Everest Group,190.7225928,0,91251.45851,15710.14773,22435.49959,12,54,72,54
05-01-2022 00:00,703-Customer Services,Everest Group,322.7027792,0,51176.63936,7369.291,0,12,54,72,54
05-01-2022 00:00,704-Online Shop,Everest Group,7297.27924,0,14121.55656,7567.905202,10550.39399,12,54,72,54
05-01-2022 00:00,705-Global Prod & Inventory Mgt / Guarantees,Everest Group,13532.34435,0,525338.001,5852.904668,0,12,54,72,54
05-01-2022 00:00,901-Board,Everest Group,2150.52754,0,0,7700.409466,0,12,54,72,54
05-01-2022 00:00,903-IT,Everest Group,9718.282461,0,0,20325.05523,0,12,54,72,54
05-01-2022 00:00,980-Financial Operations,Everest Group,-165.4888486,0,22.0949822,13061.32555,0,12,54,72,54
5/31/2022 12:00:00 AM,101-General Services,Everest Group,6245.66081,0,0,3079.696206,0,12,54,72,54
5/31/2022 12:00:00 AM,503-Marketing,Everest Group,560.4782678,0,0,19012.90244,0,12,54,72,54
5/31/2022 12:00:00 AM,580-Research and Development,Everest Group,2308.664076,0,0,29548.58605,0,12,54,72,54
5/31/2022 12:00:00 AM,600-National Sales and Services,Everest Group,1925.735112,0,1216794.172,44061.07827,258420.859,12,54,72,54
5/31/2022 12:00:00 AM,702-Consumer Service,Everest Group,190.6179674,0,105509.3324,14666.74097,46130.7216,12,54,72,54
5/31/2022 12:00:00 AM,703-Customer Services,Everest Group,322.7027792,0,57222.67491,12268.80384,0,12,54,72,54
5/31/2022 12:00:00 AM,704-Online Shop,Everest Group,7297.27924,0,318235.8738,8568.971491,349393.0071,12,54,72,54
5/31/2022 12:00:00 AM,705-Global Prod & Inventory Mgt / Guarantees,Everest Group,13532.34435,0,536851.0752,6050.13496,0,12,54,72,54
5/31/2022 12:00:00 AM,901-Board,Everest Group,2150.52754,0,0,7187.982791,0,12,54,72,54
5/31/2022 12:00:00 AM,903-IT,Everest Group,9718.282461,0,0,17135.33591,0,12,54,72,54
5/31/2022 12:00:00 AM,980-Financial Operations,Everest Group,165.4888486,0,-3.6904232,11977.71838,0,12,54,72,54
6/30/2022 12:00:00 AM,101-General Services,Everest Group,6169.103551,0,0,3492.072464,0,12,54,72,54
6/30/2022 12:00:00 AM,503-Marketing,Everest Group,560.4782678,0,0,7767.636992,0,12,54,72,54
6/30/2022 12:00:00 AM,580-Research and Development,Everest Group,1872.233487,0,0,7989.243101,0,12,54,72,54
6/30/2022 12:00:00 AM,600-National Sales and Services,Everest Group,1925.782669,0,987976.3586,36814.93707,3737.9232,12,54,72,54
6/30/2022 12:00:00 AM,702-Consumer Service,Everest Group,181.1351016,0,65895.51184,15143.05999,0,12,54,72,54
6/30/2022 12:00:00 AM,703-Customer Services,Everest Group,322.7503362,0,34292.82957,4637.896555,0,12,54,72,54
6/30/2022 12:00:00 AM,704-Online Shop,Everest Group,7297.184126,0,6718.462993,9109.732627,1654.502102,12,54,72,54
6/30/2022 12:00:00 AM,705-Global Prod & Inventory Mgt / Guarantees,Everest Group,13532.00194,0,318129.9264,-1847.470558,0,12,54,72,54
6/30/2022 12:00:00 AM,901-Board,Everest Group,34.383711,0,0,13265.6057,0,12,54,72,54
6/30/2022 12:00:00 AM,903-IT,Everest Group,9718.244416,0,0,12238.18427,0,12,54,72,54
6/30/2022 12:00:00 AM,980-Financial Operations,Everest Group,165.4888486,60823.50072,11.5278168,9607.438508,0,12,54,72,54
6/30/2018 12:00:00 AM,600-National Sales and Services,Everest Group France,1442.52,-25553.97,326233.25,148409.74,-30384.17,12,54,72,54
6/30/2019 12:00:00 AM,600-National Sales and Services,Everest Group France,1299.2,-20483.17,286393.87,250466.58,-3850.44,12,54,72,54
6/30/2020 12:00:00 AM,600-National Sales and Services,Everest Group France,826.32,-17301.62,256051.94,83381.2,0,12,54,72,54
6/30/2021 12:00:00 AM,600-National Sales and Services,Everest Group France,827.311584,-17322.38194,256359.2023,83481.25744,0,12,54,72,54
6/30/2022 12:00:00 AM,600-National Sales and Services,Everest Group France,785.9460048,-16456.26285,243541.2422,79307.19457,0,12,54,72,54
8/28/2017 12:00:00 AM,600-National Sales and Services,Everest Group Canada,1289.67,0,196658.78,187905.09,970.08,12,54,72,54
9/28/2017 12:00:00 AM,600-National Sales and Services,Everest Group Canada,640.12,0,13359.15,92517.65,17016.98,12,54,72,54
10/21/2017 12:00:00 AM,600-National Sales and Services,Everest Group Canada,-1912.97,0,-172131.45,-172339,9576.41,12,54,72,54
10/28/2017 12:00:00 AM,600-National Sales and Services,Everest Group Canada,1912.97,0,199083.14,224722.2,16036.26,12,54,72,54
11-12-2017 00:00,600-National Sales and Services,Everest Group Canada,-1916.27,0,-181220.36,-164629.65,-344.46,12,54,72,54
11/28/2017 12:00:00 AM,600-National Sales and Services,Everest Group Canada,3193.78,0,101620.89,201079.67,-281.35,12,54,72,54
12/22/2017 12:00:00 AM,600-National Sales and Services,Everest Group Canada,-3196.92,0,-101039.61,-127906.31,73.42,12,54,72,54
12/28/2017 12:00:00 AM,600-National Sales and Services,Everest Group Canada,3836.31,0,126243.59,149801.22,9229.98,12,54,72,54
1/19/2018 12:00:00 AM,600-National Sales and Services,Everest Group Canada,-3829.39,0,-117007.75,-106292.42,3143.95,12,54,72,54
1/28/2018 12:00:00 AM,600-National Sales and Services,Everest Group Canada,4467.62,0,135861.84,182769.49,13122.33,12,54,72,54
2/23/2018 12:00:00 AM,600-National Sales and Services,Everest Group Canada,-4456.25,0,-113960.6,-174286.62,19139.72,12,54,72,54
2/28/2018 12:00:00 AM,600-National Sales and Services,Everest Group Canada,5092.86,0,134478.33,233245.29,0,12,54,72,54
3/18/2018 12:00:00 AM,600-National Sales and Services,Everest Group Canada,-5081.96,0,-106056.7,-164266.65,49894.34,12,54,72,54
3/30/2018 12:00:00 AM,600-National Sales and Services,Everest Group Canada,5717.21,0,182529.45,218529.12,33387.85,12,54,72,54
04-12-2018 00:00,600-National Sales and Services,Everest Group Canada,-5694.57,0,-140659.42,-168810.9,9890.17,12,54,72,54
4/30/2018 12:00:00 AM,600-National Sales and Services,Everest Group Canada,6327.3,0,183274.44,226604.85,24561.38,12,54,72,54
5/26/2018 12:00:00 AM,600-National Sales and Services,Everest Group Canada,-6329.4,0,-178838.68,-147952.51,11505.81,12,54,72,54
5/30/2018 12:00:00 AM,600-National Sales and Services,Everest Group Canada,6962.34,0,195734.15,208300.3,0,12,54,72,54
6/15/2018 12:00:00 AM,600-National Sales and Services,Everest Group Canada,-6932.94,0,-187688.16,-130397.19,10011.01,12,54,72,54
